<record><leader>00000cas a22000007a 4500</leader><controlfield tag="001">16794439</controlfield><controlfield tag="008">871001d1869187uinuwr ne      0    0eng d</controlfield><datafield ind1=" " ind2=" " tag="010"><subfield code="a">sn 87055549 </subfield></datafield><datafield ind1=" " ind2=" " tag="040"><subfield code="a">NPI</subfield><subfield code="b">eng</subfield><subfield code="c">NPI</subfield><subfield code="d">OCLCQ</subfield></datafield><datafield ind1=" " ind2=" " tag="042"><subfield code="a">msc</subfield></datafield><datafield ind1="0" ind2="0" tag="245"><subfield code="a">Versailles gazette.</subfield></datafield><datafield ind1=" " ind2=" " tag="260"><subfield code="a">Versailles, Ind. :</subfield><subfield code="b">J.B. Rebuck</subfield></datafield><datafield ind1=" " ind2=" " tag="310"><subfield code="a">Weekly</subfield></datafield><datafield ind1="1" ind2=" " tag="362"><subfield code="a">Began in 1869.</subfield></datafield><datafield ind1=" " ind2=" " tag="588"><subfield code="a">Description based on: Vol. 15, no. 27 (Feb. 22, 1872).</subfield></datafield><datafield ind1=" " ind2=" " tag="752"><subfield code="a">United States</subfield><subfield code="b">Indiana</subfield><subfield code="c">Ripley</subfield><subfield code="d">Versailles.</subfield></datafield><datafield ind1="0" ind2="0" tag="785"><subfield code="t">Ripley index</subfield><subfield code="w">(DLC)sn 84038230</subfield></datafield></record>